<?xml version="1.0" encoding="UTF-8"?><collection xmlns="http://www.loc.gov/MARC21/slim"><record><leader>00520nam--2200181-i-4500</leader><controlfield tag="001">000006829</controlfield><controlfield tag="002">20161230</controlfield><controlfield tag="005">20161230201027</controlfield><controlfield tag="008">060222s1000------------r-----000-0-eng-d</controlfield><datafield ind1=" " ind2=" " tag="040"><subfield code="a">IFIN-HH</subfield></datafield><datafield ind1=" " ind2=" " tag="080"><subfield code="a">530.14</subfield></datafield><datafield ind1="1" ind2=" " tag="100"><subfield code="a">Bjorken, James D</subfield></datafield><datafield ind1="1" ind2="0" tag="245"><subfield code="a">Relativistic quantum mechanics</subfield><subfield code="c">James d. bjorken, sidney d. drell</subfield></datafield><datafield ind1=" " ind2=" " tag="260"><subfield code="a">New York</subfield><subfield code="b">Mcgraw-hill Book Co</subfield><subfield code="c">1964</subfield></datafield><datafield ind1=" " ind2=" " tag="300"><subfield code="a">X + 300P</subfield></datafield><datafield ind1=" " ind2=" " tag="490"><subfield code="a">Intenational Series In Pure And Applied Physics</subfield></datafield><datafield ind1=" " ind2=" " tag="852"><subfield code="a">15538</subfield><subfield code="c">530.14</subfield></datafield><datafield ind1=" " ind2=" " tag="CAT"><subfield code="a">Sys</subfield><subfield code="c">20160209</subfield><subfield code="h">135556</subfield></datafield></record></collection>